% This file was created with JabRef 2.10.
% Encoding: UTF-8


@Book{HalpernReason05,
  Title                    = {Reasoning about uncertainty},
  Author                   = {J.Y. Halpern},
  Publisher                = {MIT Press},
  Year                     = {2005},

  Owner                    = {david},
  Timestamp                = {2015.05.05}
}

@Book{AlgebGruWitt13,
  Title                    = {Algebraische Grundlagen der Informatik: Zahlen - Strukturen - Codierung - Verschl√ºsselung},
  Author                   = {Kurt-Ulrich Witt},
  Publisher                = {Springer-Verlag},
  Year                     = {2013},

  Owner                    = {david},
  Timestamp                = {2015.05.05}
}

