%% eLyXer: test BibTeX bibliography for alpha style.
%% Created on 20100601 by Alex Fernandez.


@article{alphavolume,
	Author = {E. Praline and B. Brooky},
	Title = {The population explosion},
	Number = {1},
	Pages = {2--4},
	Journal = {Just The Words},
	Publisher = {Brooky \& Sons},
	Volume = {1},
	Year = {1969},
	url = {http://www.ibras.dk/montypython/episode18.htm}
}

@article{alphabasic,
	Author = {B. Bishop and W. Belpit},
	Journal = {Just The Words},
	Publisher = {Grillomat Snack Bar, Paignton},
	Title = {Your legs are so swollen},
	Year = {1969},
	file = :bibtex-good.html:HTML,
	url = http://www.ibras.dk/montypython/episode18.htm,
	note = {Found on \url{http://www.ibras.dk/montypython/episode18.htm}.}
}

