@preamble { Please ignore. }

@string { mykey = "myvalue" }

@Article{AcentsTest,
  Author         = {{Latin1 Accents
                   !`\copyright{}\textordfeminine{}\textregistered{}\textordmasculine{}?` \`A\'A\^A\~A\"A\AA{}\r A\AE{}\c{C}\`E\'E\^E\"E\`I\'I\^I\"I\DH{}\~N \`O\'O\^O\~O\"O\O{}\`U\'U\^U\"U\'Y\TH{}
                   \ss{}\`a\'a\^a\~a\"a\aa{}\ae{}\c{c}\`e\'e\^e\"e \`i\`\i\`{\i}\'{\i}\^{\i}\"{\i}\dh{}\~n \`o\'o\^o\~o\"o\o{}\`u\'u\^u\"u\'y\th{}\"y
                   in Name}},
  Title          = {Latin1 Accents
                   !`\copyright{}\textordfeminine{}\textregistered{}\textordmasculine{}?` \`{A}\'{A}\^{A}\~{A}\"{A}\AA{}\r {A}\AE{}\c{{C}}\`{E}\'{E}\^{E}\"{E}\`{I}\'{I}\^{I}\"{I}\DH{}\~{N} \`{O}\'{O}\^{O}\~{O}\"{O}\O{}\`{U}\'{U}\^{U}\"{U}\'{Y}\TH{}
                   \ss{}\`a\'a\^a\~a\"a\aa{}\ae{}\c{c}\`e\'e\^e\"e \`i\`\i\`{\i}\'{\i}\^{\i}\"{\i}\dh{}\~n \`o\'o\^o\~o\"o\o{}\`u\'u\^u\"u\'y\th{}\"y
                   in title},
  Journal        = {Test},
  year           = 2010
}

@article{alphaeqs,
	Author = {Somebody in the $20^{th}$ Century},
	Title = {Finding $\epsilon^{n}$ decimals of the number $\pi$},
	Journal = {About \(\zeta\) in \(\pi\) things},
	Year = {1934},
	note = {According to The Society for $$\sum\epsilon^{n}$$ decimals of the number \[\sum\pi\],
	       	only 1 in $2n$ dentists read this magazine.}
}

