%% eLyXer: test BibTeX bibliography for vancouver style.
%% Created on 20100529 by Alex Fernandez.


@article{withvolume,
	Author = {J. Linkman},
	Journal = {Just The Words},
	Number = {3},
	Pages = {1--300},
	Publisher = {Grillomat Snack Bar, Paignton},
	Title = {A Little Hors d'Oeuvres},
	Volume = {300},
	Year = {1969},
	url = {http://www.ibras.dk/montypython/episode18.htm}
}

@article{withoutvolume,
	Author = {J. Linkman},
	Journal = {Just The Words},
	Publisher = {Grillomat Snack Bar, Paignton},
	Title = {Our Main Course: Prawn Salad},
	Year = {1969},
	url = http://www.ibras.dk/montypython/episode18.htm
}

